<record xmlns='http://www.loc.gov/MARC21/slim'><leader>01342cim a22003612u 4500</leader><controlfield tag='001'>3601627</controlfield><controlfield tag='005'>20151214182912.0</controlfield><controlfield tag='007'>ss|lmnjluz|nuu</controlfield><controlfield tag='008'>991101s1982    nyunnn         l    eng d</controlfield><datafield ind1=' ' ind2=' ' tag='035'><subfield code='a'>(NIC)notisASF8692</subfield></datafield><datafield ind1=' ' ind2=' ' tag='035'><subfield code='a'>3601627</subfield></datafield><datafield ind1=' ' ind2=' ' tag='035'><subfield code='a'>(OCoLC)63897920</subfield></datafield><datafield ind1=' ' ind2=' ' tag='040'><subfield code='a'>NIC</subfield><subfield code='c'>NIC</subfield><subfield code='d'>NIC</subfield></datafield><datafield ind1='1' ind2=' ' tag='100'><subfield code='a'>Bishop, Jonathan.</subfield></datafield><datafield ind1='1' ind2='0' tag='245'><subfield code='a'>Imagination as faith</subfield><subfield code='h'>[sound recording]</subfield></datafield><datafield ind1=' ' ind2=' ' tag='260'><subfield code='c'>1982.</subfield></datafield><datafield ind1=' ' ind2=' ' tag='300'><subfield code='a'>1 sound cassette (60 min.) :</subfield><subfield code='b'>analog, mono.</subfield></datafield><datafield ind1=' ' ind2=' ' tag='500'><subfield code='a'>Recorded in Ithaca, NY by Cornell University.</subfield></datafield><datafield ind1=' ' ind2=' ' tag='500'><subfield code='a'>Sponsored by: Graduate Literature Club.</subfield></datafield><datafield ind1=' ' ind2=' ' tag='518'><subfield code='a'>Lecture, November 30, 1982.</subfield></datafield><datafield ind1=' ' ind2=' ' tag='520'><subfield code='a'>Bishop discusses contemporary literature from Fitzgerald to Diddeon as a frame for absolution.</subfield></datafield><datafield ind1=' ' ind2='0' tag='650'><subfield code='a'>Literature, Modern</subfield><subfield code='x'>History and criticism.</subfield></datafield><datafield ind1=' ' ind2='0' tag='650'><subfield code='a'>Comparative literature</subfield><subfield code='x'>Themes, motives.</subfield></datafield><datafield ind1=' ' ind2='0' tag='650'><subfield code='a'>Faith in literature.</subfield></datafield><datafield ind1=' ' ind2='0' tag='650'><subfield code='a'>Absolution.</subfield></datafield><datafield ind1=' ' ind2='7' tag='650'><subfield code='a'>Absolution</subfield><subfield code='2'>fast</subfield><subfield code='0'>(OCoLC)fst00794727</subfield></datafield><datafield ind1=' ' ind2='7' tag='650'><subfield code='a'>Comparative literature</subfield><subfield code='x'>Themes, motives</subfield><subfield code='2'>fast</subfield><subfield code='0'>(OCoLC)fst01735633</subfield></datafield><datafield ind1=' ' ind2='7' tag='650'><subfield code='a'>Faith in literature</subfield><subfield code='2'>fast</subfield><subfield code='0'>(OCoLC)fst00919968</subfield></datafield><datafield ind1=' ' ind2='7' tag='650'><subfield code='a'>Literature, Modern</subfield><subfield code='2'>fast</subfield><subfield code='0'>(OCoLC)fst01000172</subfield></datafield><datafield ind1=' ' ind2='7' tag='655'><subfield code='a'>Criticism, interpretation, etc.</subfield><subfield code='2'>fast</subfield><subfield code='0'>(OCoLC)fst01411635</subfield></datafield><datafield ind1='1' ind2=' ' tag='899'><subfield code='a'>CULectures</subfield></datafield><datafield ind1=' ' ind2=' ' tag='905'><subfield code='a'>19991201120000.0</subfield></datafield><datafield ind1='2' ind2=' ' tag='948'><subfield code='a'>20141221</subfield><subfield code='b'>m</subfield><subfield code='d'>batch</subfield><subfield code='e'>lts</subfield><subfield code='x'>addfast</subfield></datafield></record>